1699625011.5764802,0.3,0.18
1699625012.0781288,0.3,0.3
1699625012.5796332,0.3,0.18
1699625013.0813148,0.3,0.3
1699625013.5830934,0.3,0.3
1699625014.0855474,0.3,0.3
1699625014.5871232,0.3,0.18
1699625015.0888715,0.3,0.3
1699625015.5908697,0.3,0.18
1699625016.0924091,0.3,0.3
1699625016.593973,0.3,0.3
1699625017.0955904,0.3,0.3
1699625017.5971167,0.3,0.3
1699625018.0986733,0.3,0.3
1699625018.6002548,0.3,0.3
1699625019.101773,0.135,0.3
1699625019.603307,0.3,0.3
1699625020.104426,0.0375,0.3
1699625020.6063313,0.18,0.3
1699625021.107912,0.135,0.3
1699625021.609695,0.18,0.3
1699625022.111649,0.18,0.3
1699625022.613751,0.3,0.3
1699625023.1159241,0.0,0.3
1699625023.6189601,0.0375,0.3
1699625024.1212955,0.0375,0.3
1699625024.6237292,0.3,0.3
1699625025.1251433,0.0375,0.3
1699625025.62669,0.11249999999999999,0.3
1699625026.1281695,0.3,0.18
1699625026.6297104,0.3,0.3
1699625027.1313329,0.18,0.3
1699625027.6328297,0.3,0.3
1699625028.1344182,0.18,0.3
1699625028.6359565,0.3,0.3
1699625029.1380086,0.3,0.3
1699625029.6398067,0.3,0.3
1699625030.14142,0.3,0.3
1699625030.643162,0.3,0.3
1699625031.1444304,0.3,0.3
1699625031.6460326,0.18,0.3
1699625032.1478074,0.3,0.18
1699625032.6494677,0.3,0.18
1699625033.1515057,0.3,0.3
1699625033.6530874,0.3,0.3
1699625034.1544929,0.3,0.3
1699625034.6559794,0.135,0.3
1699625035.1574595,0.0375,0.3
1699625035.659051,0.3,0.3
1699625036.16069,0.0,0.3
1699625036.662198,0.0,0.3
1699625037.1637397,0.0375,0.3
1699625037.6652758,0.3,0.3
1699625038.1668382,0.0375,0.3
1699625038.6689746,0.18,0.3
1699625039.170552,0.0375,0.3
1699625039.6720538,0.3,0.3
1699625040.174325,0.0375,0.3
1699625040.6767447,0.18,0.3
1699625041.1791563,0.3,0.3
1699625041.681562,0.3,0.3
1699625042.1837754,0.135,0.3
1699625042.686715,0.3,0.3
1699625043.188141,0.3,0.3
1699625043.689626,0.3,0.3
1699625044.1912284,0.3,0.3
1699625044.6928065,0.3,0.3
1699625045.195569,0.3,0.3
1699625045.697581,0.3,0.3
1699625046.199088,0.3,0.3
1699625046.700631,0.3,0.3
1699625047.2026649,0.3,0.3
1699625047.704536,0.18,0.3
1699625048.2063112,0.0375,0.3
1699625048.7079709,0.3,0.3
1699625049.2096057,0.0375,0.3
1699625049.7113745,0.18,0.3
1699625050.2137694,0.135,0.3
1699625050.7154202,0.18,0.3
1699625051.216955,0.18,0.3
1699625051.7185464,0.0375,0.3
1699625052.2202377,0.0375,0.3
1699625052.722292,0.11249999999999999,0.3
1699625053.2238877,0.3,0.18
1699625053.725438,0.18,0.3
1699625054.2269955,0.135,0.3
1699625054.7285788,0.3,0.3
1699625055.2301486,0.3,0.3
1699625055.7319977,0.135,0.3
1699625056.2346513,0.3,0.3
1699625056.737987,0.3,0.3
1699625057.240377,0.3,0.18
1699625057.7424057,0.18,0.3
1699625058.2446144,0.3,0.3
1699625058.7461286,0.3,0.3
1699625059.2476332,0.3,0.3
1699625059.7492647,0.3,0.3
1699625060.2519743,0.3,0.3
1699625060.7536662,0.3,0.18
1699625061.2551622,0.3,0.3
1699625061.756771,0.3,0.3
1699625062.2584515,0.3,0.3
1699625062.760057,0.135,0.3
1699625063.261711,0.0375,0.3
1699625063.763758,0.3,0.3
1699625064.2657146,0.0375,0.3
1699625064.767404,0.135,0.3
1699625065.2692487,0.3,0.3
1699625065.7708664,0.0,0.3
1699625066.2725122,0.0,0.3
1699625066.7741067,0.0375,0.3
1699625067.2757835,0.18,0.3
1699625067.777496,0.18,0.3
1699625068.279339,0.18,0.3
1699625068.780899,0.3,0.3
1699625069.282433,0.0375,0.3
1699625069.7840207,0.3,0.3
1699625070.2856705,0.3,0.3
1699625070.787202,0.135,0.3
1699625071.2888057,0.3,0.3
1699625071.790771,0.3,0.3
1699625072.2923424,0.3,0.3
1699625072.7939906,0.3,0.18
1699625073.2953417,0.3,0.3
1699625073.7975633,0.3,0.3
1699625074.2997649,0.3,0.3
1699625074.801909,0.3,0.3
1699625075.3039818,0.3,0.3
1699625075.8062704,0.3,0.3
1699625076.3076966,0.0375,0.3
1699625076.8091145,0.18,0.3
1699625077.3105822,0.3,0.3
1699625077.8123832,0.0,0.3
1699625078.3140833,0.0375,0.3
1699625078.815748,0.135,0.3
1699625079.3179753,0.3,0.3
1699625079.8195071,0.0375,0.3
1699625080.3210995,0.3,0.3
1699625080.822687,0.0,0.3
1699625081.324293,0.0,0.3
1699625081.8324819,0.0375,0.3
1699625082.3353727,0.3,0.3
1699625082.8378913,0.3,0.3
1699625083.3393364,0.0375,0.3
1699625083.8407905,0.3,0.3
1699625084.3422964,0.3,0.3
1699625084.843804,0.18,0.3
1699625085.3453648,0.3,0.3
1699625085.8469498,0.18,0.3
1699625086.3484535,0.3,0.18
1699625086.8499775,0.3,0.18
1699625087.3515966,0.3,0.3
1699625087.8536818,0.3,0.3
1699625088.3553843,0.3,0.3
1699625088.8570676,0.18,0.3
1699625089.3587656,0.3,0.18
1699625089.8604176,0.3,0.18
1699625090.3622258,0.3,0.18
1699625090.86435,0.3,0.3
1699625091.3659673,0.18,0.3
1699625091.8675153,0.0375,0.3
1699625092.3691084,0.3,0.3
1699625092.8762162,0.0375,0.3
1699625093.3778532,0.0375,0.3
1699625093.879306,0.18,0.3
1699625094.3808386,0.135,0.3
1699625094.8824182,0.3,0.3
1699625095.3839483,0.0375,0.3
1699625095.8857527,0.0375,0.3
1699625096.3874178,0.3,0.3
1699625096.8891473,0.0,0.3
1699625097.391039,0.0375,0.3
1699625097.8932602,0.18,0.3
1699625098.3944626,0.3,0.18
1699625098.8960526,0.3,0.3
1699625099.3976915,0.0375,0.3
1699625099.899227,0.3,0.18
1699625100.4007785,0.3,0.3
1699625100.90239,0.3,0.3
1699625101.4039345,0.3,0.3
1699625101.9055078,0.3,0.3
1699625102.4070585,0.3,0.3
1699625102.908665,0.3,0.3
1699625103.4102614,0.3,0.3
1699625103.911866,0.3,0.3
1699625104.4135096,0.3,0.3
1699625104.915518,0.3,0.3
1699625105.417499,0.0375,0.3
1699625105.9194248,0.0375,0.3
1699625106.4210699,0.3,0.18
1699625106.9226782,0.18,0.3
1699625107.4243484,0.0375,0.3
1699625107.927146,0.3,0.3
1699625108.4291415,0.0375,0.3
1699625108.9310591,0.0375,0.3
1699625109.4325159,0.3,0.3
1699625109.9340866,0.0,0.3
1699625110.4362767,0.0,0.3
1699625110.9389365,0.0,0.3
1699625111.4403932,0.18,0.3
1699625111.9419086,0.3,0.3
1699625112.4435122,0.135,0.3
1699625112.9451833,0.3,0.3
1699625113.447104,0.18,0.3
1699625113.9490988,0.3,0.3
1699625114.450833,0.3,0.3
1699625114.952815,0.3,0.18
1699625115.4545074,0.18,0.3
1699625115.9561641,0.3,0.3
1699625116.457744,0.3,0.3
1699625116.959308,0.3,0.18
1699625117.460905,0.3,0.3
1699625117.968491,0.3,0.3
1699625118.4701505,0.3,0.3
1699625118.971728,0.3,0.3
1699625119.47335,0.3,0.3
1699625119.97498,0.3,0.3
1699625120.4767313,0.135,0.3
1699625120.9784343,0.135,0.3
1699625121.4810412,0.3,0.3
1699625121.9838555,0.0,0.3
1699625122.4862273,0.0375,0.3
1699625122.988543,0.3,0.3
1699625123.4910767,0.0,0.3
1699625123.9925194,0.0,0.3
1699625124.4939673,0.0375,0.3
1699625124.9954407,0.18,0.3
1699625125.4969065,0.135,0.3
1699625125.9983873,0.3,0.3
1699625126.4998496,0.0375,0.3
1699625127.0013351,0.3,0.3
1699625127.502833,0.135,0.3
1699625128.0044374,0.3,0.3
1699625128.506039,0.3,0.3
1699625129.0077436,0.3,0.3
1699625129.5097728,0.3,0.3
1699625130.0115845,0.18,0.3
1699625130.5133283,0.3,0.3
1699625131.0150664,0.3,0.3
1699625131.5167336,0.3,0.3
1699625132.0183918,0.3,0.18
1699625132.5199385,0.3,0.3
1699625133.0215852,0.3,0.18
1699625133.5232558,0.3,0.3
1699625134.0244582,0.0375,0.3
1699625134.5260625,0.3,0.3
1699625135.027601,0.0375,0.3
1699625135.5291674,0.11249999999999999,0.3
1699625136.030732,0.3,0.3
1699625136.5322917,0.0375,0.3
1699625137.034074,0.135,0.3
1699625137.5357647,0.3,0.3
1699625138.037437,0.0375,0.3
1699625138.5394588,0.0375,0.3
1699625139.0416527,0.3,0.3
1699625139.5436995,0.0,0.3
1699625140.0462534,0.0375,0.3
1699625140.5483925,0.3,0.3
1699625141.0504353,0.18,0.3
1699625141.5524325,0.18,0.3
1699625142.0540955,0.3,0.3
1699625142.55558,0.3,0.3
1699625143.0594733,0.3,0.3
1699625143.560968,0.18,0.3
1699625144.0624697,0.3,0.3
1699625144.5648906,0.3,0.3
1699625145.0664232,0.3,0.3
1699625145.56812,0.3,0.3
1699625146.0702293,0.3,0.18
1699625146.5718594,0.3,0.3
1699625147.0736456,0.3,0.3
1699625147.5755017,0.3,0.18
1699625148.0772731,0.3,0.3
1699625148.578938,0.3,0.3
1699625149.0805376,0.0375,0.3
1699625149.5820918,0.0375,0.3
1699625150.0836422,0.3,0.3
1699625150.5851686,0.0,0.3
1699625151.0867274,0.0375,0.3
1699625151.588306,0.18,0.3
1699625152.089915,0.3,0.3
1699625152.5914447,0.0,0.3
1699625153.092976,0.0375,0.3
1699625153.5944865,0.18,0.3
1699625154.0960977,0.18,0.3
1699625154.5978405,0.18,0.3
1699625155.0998187,0.18,0.3
1699625155.6017244,0.3,0.3
1699625156.1032743,0.3,0.3
1699625156.604517,0.135,0.3
1699625157.1061542,0.3,0.3
1699625157.6082385,0.3,0.3
1699625158.1107125,0.3,0.3
1699625158.6132228,0.3,0.3
1699625159.1144538,0.3,0.3
1699625159.6159437,0.3,0.3
1699625160.117412,0.3,0.3
1699625160.6189892,0.3,0.3
1699625161.1205087,0.3,0.3
1699625161.6220365,0.3,0.3
1699625162.1235673,0.0375,0.3
1699625162.6250432,0.18,0.3
1699625163.1267097,0.3,0.3
1699625163.6282585,0.0375,0.3
1699625164.129903,0.0375,0.3
1699625164.6315837,0.3,0.3
1699625165.1331904,0.0375,0.3
1699625165.6345341,0.0375,0.3
1699625166.1361632,0.3,0.3
1699625166.637769,0.0,0.3
1699625167.139411,0.0,0.3
1699625167.6415377,0.0375,0.3
1699625168.1430905,0.3,0.3
1699625168.6445253,0.3,0.3
1699625169.146104,0.135,0.3
1699625169.6476624,0.3,0.3
1699625170.1492162,0.3,0.3
1699625170.6507583,0.11249999999999999,0.3
1699625171.1523392,0.3,0.18
1699625171.653888,0.3,0.18
1699625172.155423,0.18,0.3
1699625172.6570404,0.3,0.3
1699625173.1586425,0.3,0.3
1699625173.6605568,0.3,0.18
1699625174.162432,0.3,0.3
1699625174.6650033,0.3,0.3
